<?xml version="1.0" encoding="UTF-8"?><record xmlns="http://www.loc.gov/MARC21/slim" xmlns:cinclude="http://apache.org/cocoon/include/1.0" xmlns:zs="http://www.loc.gov/zing/srw/">
  <leader>02226cz  a2200373n  4500</leader>
  <controlfield tag="001">n  80128300 </controlfield>
  <controlfield tag="003">DLC</controlfield>
  <controlfield tag="005">20150112014109.0</controlfield>
  <controlfield tag="008">801015n| azannaabn          |b aaa      </controlfield>
  <datafield tag="010" ind1=" " ind2=" ">
    <subfield code="a">n  80128300 </subfield>
    <subfield code="z">no2006024796</subfield>
  </datafield>
  <datafield tag="035" ind1=" " ind2=" ">
    <subfield code="a">(OCoLC)oca00508711</subfield>
  </datafield>
  <datafield tag="040" ind1=" " ind2=" ">
    <subfield code="a">DLC</subfield>
    <subfield code="b">eng</subfield>
    <subfield code="e">rda</subfield>
    <subfield code="c">DLC</subfield>
    <subfield code="d">NjP</subfield>
    <subfield code="d">OCoLC</subfield>
    <subfield code="d">ICU</subfield>
    <subfield code="d">DLC</subfield>
    <subfield code="d">IEN</subfield>
    <subfield code="d">DLC</subfield>
  </datafield>
  <datafield tag="046" ind1=" " ind2=" ">
    <subfield code="f">[1736,1737]</subfield>
    <subfield code="g">[1794,1795]</subfield>
    <subfield code="2">edtf</subfield>
  </datafield>
  <datafield tag="046" ind1=" " ind2=" ">
    <subfield code="f">[1716,1717]</subfield>
    <subfield code="2">edtf</subfield>
  </datafield>
  <datafield tag="100" ind1="1" ind2=" ">
    <subfield code="a">Narāqī, Muḥammad Mahdī ibn Abī Z̲arr,</subfield>
    <subfield code="d">-1794 or 1795</subfield>
  </datafield>
  <datafield tag="375" ind1=" " ind2=" ">
    <subfield code="a">male</subfield>
  </datafield>
  <datafield tag="377" ind1=" " ind2=" ">
    <subfield code="a">per</subfield>
    <subfield code="a">ara</subfield>
  </datafield>
  <datafield tag="400" ind1="1" ind2=" ">
    <subfield code="a">Kāshānī, Mahdī ibn Abī Dharr,</subfield>
    <subfield code="d">-1794 or 1795</subfield>
  </datafield>
  <datafield tag="400" ind1="1" ind2=" ">
    <subfield code="a">Kāshānī, Muḥammad Mahdī ibn Abī Z̲arr,</subfield>
    <subfield code="d">-1794 or 1795</subfield>
  </datafield>
  <datafield tag="400" ind1="0" ind2=" ">
    <subfield code="a">Mahdī ibn Abī Dharr al-Kāshānī,</subfield>
    <subfield code="d">-1794 or 1795</subfield>
  </datafield>
  <datafield tag="400" ind1="0" ind2=" ">
    <subfield code="a">Muḥammad Mahdī ibn Abī Z̲arr Narāqī,</subfield>
    <subfield code="d">-1794 or 1795</subfield>
  </datafield>
  <datafield tag="400" ind1="1" ind2=" ">
    <subfield code="a">Narāqī, Mahdī ibn Abī Dharr,</subfield>
    <subfield code="d">-1794 or 1795</subfield>
  </datafield>
  <datafield tag="400" ind1="1" ind2=" ">
    <subfield code="w">nnea</subfield>
    <subfield code="a">Narāqī, Muḥammad Mahdī ibn Abī Z̲arr,</subfield>
    <subfield code="d">d. 1794 or 5</subfield>
  </datafield>
  <datafield tag="400" ind1="1" ind2=" ">
    <subfield code="a">Nirāqī, Muḥammad Mahdī ibn Abī Z̲arr,</subfield>
    <subfield code="d">-1794 or 1795</subfield>
  </datafield>
  <datafield tag="400" ind1="1" ind2=" ">
    <subfield code="a">نراقي، محمد مهدي بن ابي ذر,</subfield>
    <subfield code="d">-1794 or 1795</subfield>
  </datafield>
  <datafield tag="400" ind1="0" ind2=" ">
    <subfield code="a">محمد مهدى بن ابى ذر نراقى,</subfield>
    <subfield code="d">-1794 or 1795</subfield>
  </datafield>
  <datafield tag="667" ind1=" " ind2=" ">
    <subfield code="a">Machine-derived non-Latin script reference project.</subfield>
  </datafield>
  <datafield tag="667" ind1=" " ind2=" ">
    <subfield code="a">Non-Latin script references not evaluated.</subfield>
  </datafield>
  <datafield tag="670" ind1=" " ind2=" ">
    <subfield code="a">His Qurrat al-ʻuyūn, 1978:</subfield>
    <subfield code="b">t.p. (Mullā Muḥammad Mahdī Narāqī) p. 1 (Ḥājj Mullā Muḥammad Mahdī ibn Abī Z̲arr Narāqī Kāshānī; d. 1209 A. H.)</subfield>
  </datafield>
  <datafield tag="670" ind1=" " ind2=" ">
    <subfield code="a">Muʻtamad al-Shīʻah fī aḥkām al-sharīʻah, 2001 or 2002:</subfield>
    <subfield code="b">t.p. (al-ʻAllāmah al-Mawlá Mahdī al-Narāqī, d. 1209 Q)</subfield>
  </datafield>
  <datafield tag="670" ind1=" " ind2=" ">
    <subfield code="a">Ziriklī</subfield>
    <subfield code="b">(al-Kāshānī; Mahdī ibn Abī Dharr al-Narāqī al-Kāshānī; d. 1209/1794)</subfield>
  </datafield>
  <datafield tag="670" ind1=" " ind2=" ">
    <subfield code="a">ʻĀrifī, M.A. Andīshah-i siyāsī-i Mullā Muḥammad Mahdī Narāqī, 2009:</subfield>
    <subfield code="b">t.p. (ملا محمد مهدى نراقى = Mullā Muḥammad Mahdī Narāqī) p. 15 (b. 1149 HQ [1736 or 7])</subfield>
  </datafield>
  <datafield tag="670" ind1=" " ind2=" ">
    <subfield code="a">Farāz va furūd-i nafs, 2014 or 2015:</subfield>
    <subfield code="b">facing t.p. (Iranian CIP data: Narāqī, Mahdī ibn Abī Z̲arr, b. 1128 Q [1716 or 1717]; d. 1209 Q.)</subfield>
  </datafield>
  <datafield tag="675" ind1=" " ind2=" ">
    <subfield code="a">Mushār;</subfield>
    <subfield code="a">Rypka;</subfield>
    <subfield code="a">Storey;</subfield>
    <subfield code="a">Brockelmann.</subfield>
  </datafield>
</record>